% Encoding: UTF-8

@InProceedings{banerjee-lavie-2005-meteor,
  author    = {Banerjee, Satanjeev and Lavie, Alon},
  title     = {{METEOR}: An Automatic Metric for {MT} Evaluation with Improved Correlation with Human Judgments},
  booktitle = {Proceedings of the {ACL} Workshop on Intrinsic and Extrinsic Evaluation Measures for Machine Translation and/or Summarization},
  year      = {2005},
  pages     = {65--72},
  address   = {Ann Arbor, Michigan},
  month     = jun,
  publisher = {Association for Computational Linguistics},
  url       = {https://www.aclweb.org/anthology/W05-0909},
}

@Article{zhou2017neural,
  author        = {Qingyu Zhou and Nan Yang and Furu Wei and Chuanqi Tan and Hangbo Bao and Ming Zhou},
  title         = {Neural Question Generation from Text: {A} Preliminary Study},
  journal       = {CoRR},
  year          = {2017},
  volume        = {abs/1704.01792},
  archiveprefix = {arXiv},
  bibsource     = {dblp computer science bibliography, https://dblp.org},
  biburl        = {https://dblp.org/rec/journals/corr/ZhouYWTBZ17.bib},
  eprint        = {1704.01792},
  timestamp     = {Mon, 13 Aug 2018 16:46:01 +0200},
  url           = {http://arxiv.org/abs/1704.01792},
}

@Article{fleiss1971measuring,
  author  = {Fleiss, JL},
  title   = {Measuring nominal scale agreement among many raters},
  journal = {Psychological bulletin},
  year    = {1971},
  volume  = {76},
  number  = {5},
  pages   = {378â€”382},
  month   = {November},
  issn    = {0033-2909},
  doi     = {10.1037/h0031619},
  url     = {https://doi.org/10.1037/h0031619},
}

@Comment{jabref-meta: databaseType:bibtex;}
